<?xml version="1.0" encoding="UTF-8"?><record xmlns="http://www.loc.gov/MARC21/slim" xmlns:cinclude="http://apache.org/cocoon/include/1.0" xmlns:zs="http://www.loc.gov/zing/srw/">
  <leader>00405nz  a2200145n  4500</leader>
  <controlfield tag="001">no2001001511</controlfield>
  <controlfield tag="003">DLC</controlfield>
  <controlfield tag="005">20010106070123.0</controlfield>
  <controlfield tag="008">010105n| acannaabn          |n aaa     c</controlfield>
  <datafield tag="010" ind1=" " ind2=" ">
    <subfield code="a">no2001001511</subfield>
  </datafield>
  <datafield tag="035" ind1=" " ind2=" ">
    <subfield code="a">(OCoLC)oca05387272</subfield>
  </datafield>
  <datafield tag="040" ind1=" " ind2=" ">
    <subfield code="a">WaBeW</subfield>
    <subfield code="b">eng</subfield>
    <subfield code="c">WaBeW</subfield>
  </datafield>
  <datafield tag="100" ind1="1" ind2=" ">
    <subfield code="a">MacDougall, Bryant</subfield>
  </datafield>
  <datafield tag="670" ind1=" " ind2=" ">
    <subfield code="a">Crisis of confidence, 2000:</subfield>
    <subfield code="b">t.p. (Bryant MacDougall)</subfield>
  </datafield>
  <datafield tag="670" ind1=" " ind2=" ">
    <subfield code="a">WaBeW files</subfield>
    <subfield code="b">(Bryant Ian MacDougall)</subfield>
  </datafield>
</record>